<?xml version="1.0" encoding="UTF-8"?><record xmlns="http://www.loc.gov/MARC21/slim" xmlns:cinclude="http://apache.org/cocoon/include/1.0" xmlns:zs="http://www.loc.gov/zing/srw/">
  <leader>00344nz  a2200121n  4500</leader>
  <controlfield tag="001">n  93800311 </controlfield>
  <controlfield tag="003">DLC</controlfield>
  <controlfield tag="005">19930216105416.6</controlfield>
  <controlfield tag="008">930216n| acannaab|          |n aaa ||| b</controlfield>
  <datafield tag="010" ind1=" " ind2=" ">
    <subfield code="a">n  93800311 </subfield>
  </datafield>
  <datafield tag="040" ind1=" " ind2=" ">
    <subfield code="a">DNLM</subfield>
    <subfield code="c">DLC</subfield>
  </datafield>
  <datafield tag="100" ind1="1" ind2="0">
    <subfield code="a">DaublaĚnder, Monika</subfield>
  </datafield>
  <datafield tag="670" ind1=" " ind2=" ">
    <subfield code="a">Lipp, M. Local anesthesia in dentistry, c1993:</subfield>
    <subfield code="b">CIP t.p. (Dr. Dr. Monika DaublaĚnder)</subfield>
  </datafield>
</record>